This file was created with JabRef 2.2b.
Encoding: MacRoman

@INCOLLECTION{abrahamson1957,
  author = {Abrahamson {II}, E. P. and Grant, N. J.},
  title = {Transition temperatures of chromium and chromium-base alloys},
  booktitle = {High temperature materials},
  publisher = {John Wiley \& Sons, Inc.},
  year = {1957},
  editor = {Hehemann, R. F. and Mervin Ault, G.},
  chapter = {16},
  pages = {229--242},
  owner = {howard},
  timestamp = {2006.11.22}
}

@ARTICLE{aitken1962,
  author = {Aitken, E. A. and Smith, J. P.},
  journal = {Journal of Nuclear Materials},
  year = {1962},
  volume = {6},
  pages = {119},
  owner = {howard},
  timestamp = {2006.11.16}
}

@ARTICLE{akinc1999,
  author = {Akinc, M. and Meyer, M. K. and Kramer, M. J. and Thom, A.J. and Huebsch,J.
	J. and Cook, B.},
  title = {Boron-doped molybdenum silicides for structural applications},
  journal = {Materials Science and Engineering A},
  year = {1999},
  volume = {261},
  pages = {16--23},
  number = {1--2},
  month = {March},
  owner = {howard},
  timestamp = {2006.11.05}
}

@INPROCEEDINGS{V84_55,
  author = {Anton, D. L. and Lemkey, F. D.},
  title = {Quniary alloy modifications of the eutectic superalloy $\gamma/\gamma\prime$
	+ Cr$_3$C$_2$},
  booktitle = {Superalloys},
  year = {1984},
  pages = {601--610},
  organization = {The Minerals, Metals \& Materials Society},
  note = {Proceedings of the fifth international symposium on Superalloys in
	Seven Springs, Pennsylvania, September},
  owner = {howard},
  timestamp = {2006.11.12}
}

@INPROCEEDINGS{anton1990,
  author = {Anton, D. L. and Shah, D. M.},
  title = {Ductile phase toughening of brittle intermetallics},
  booktitle = {Intermetallic matrix composites},
  year = {1990},
  editor = {Anton, D. L. and Martin, P. L. and Miracle, D. B. and Mc{M}eeking,
	R.},
  volume = {194},
  series = {Materials Research Society Symposium Proceedings},
  pages = {45--52},
  owner = {howard},
  timestamp = {2006.11.09}
}

@INPROCEEDINGS{anton1989b,
  author = {Anton, D. L. and Shah, D. M.},
  title = {High temperature ordered compounds for advanced aero-propulsion applicaitons},
  booktitle = {High temperature ordered intermetallic alloys {III}},
  year = {1989},
  editor = {Liu, C. T. and Taub, A. I. and Stoloff, N. S. and Kock, C. C.},
  volume = {133},
  series = {Materials Research Society Symposium Proceedings},
  pages = {361--371},
  owner = {howard},
  timestamp = {2006.11.08}
}

@ARTICLE{anton1992,
  author = {Anton, D. L. and Shah, D. M.},
  title = {High temperature evaluation of topologically close-packed intermetallics},
  journal = {Materials Science and Engineering},
  year = {1992},
  volume = {{A}153},
  pages = {410--415},
  owner = {howard},
  timestamp = {2006.11.14}
}

@ARTICLE{anton1989,
  author = {Anton, D. L. and Shah, D. M. and Duhl, D. N. and Giamei, A. F.},
  title = {Selecting high-temperature structural intermetallic compounds: The
	engineering approach},
  journal = {Journal of Metals},
  year = {1989},
  pages = {12--17},
  month = {September},
  owner = {howard},
  timestamp = {2006.11.01}
}

@TECHREPORT{arbiter1953a,
  author = {Arbiter, W.},
  title = {New high temperature intermetallic materials},
  year = {1953},
  type = {U.S. {A}ir {F}orce tech report},
  number = {{WADC} {TR} 53-190, Part {I}},
  month = May
}

@TECHREPORT{arbiter1953b,
  author = {Arbiter, W.},
  title = {New high temperature intermetallic materials},
  year = {1953},
  type = {U.S. {A}ir {F}orce tech report},
  number = {{WADC} {TR} 53-190, Part {II}},
  month = {November}
}

@MISC{ASM-binary,
  author = {ASM},
  year = {2006},
  note = {P.Villars, Ed., http://www.asminternational.org/AsmEnterprise/APD,
	ASM International,Materials Park, OH, 2006.}
}

@ARTICLE{ball1966a,
  author = {Ball, A. and Smallman, R. E.},
  title = {The deformation properties and electron microscopy studies of the
	intermetallic compound {NiAl}},
  journal = {Acta Metallurgica},
  year = {1966},
  volume = {14},
  pages = {1349--1355},
  month = {October},
  key = {ball1966a}
}

@ARTICLE{ball1966b,
  author = {Ball, A. and Smallman, R. E.},
  title = {The operative slip system and general plasticity of {NiAl-II}},
  journal = {Acta Metallurgica},
  year = {1966},
  volume = {14},
  pages = {1517--1526},
  month = {November},
  key = {ball1966b}
}

@ARTICLE{barth1992,
  author = {Barth, E. P. and Tien, J. K. and Uejo, S. and Kambara, S.},
  title = {High temperature strength of niobium aluminium intermetallics},
  journal = {Materials Science and Engineering},
  year = {1992},
  volume = {{A}153},
  pages = {398--401},
  key = {barth1992}
}

@ARTICLE{bei2003acta,
  author = {Bei , H. and George, E. P. and Kenik, E. A. and Pharr, G. M.},
  title = {Directional solidification and microstructures of near-eutectic {C}r–{C}r$_3${S}
	ialloys},
  journal = {Acta Materialia},
  year = {2003},
  volume = {51},
  pages = {6241--6252},
  number = {20},
  month = {December},
  owner = {howard},
  timestamp = {2006.11.05}
}

@ARTICLE{bei2003inter,
  author = {Bei, H. and George, E. P. and Pharr, G. M.},
  title = {Effects of composition on lamellar microstructures of near-eutectic
	Cr–Cr3Si alloys},
  journal = {Intermetallics},
  year = {2003},
  volume = {11},
  pages = {283--289},
  number = {4},
  month = {April},
  owner = {howard},
  timestamp = {2006.11.05}
}

@INCOLLECTION{bewlay-intermetallics,
  author = {Bewlay, B. P. and Jackson, M. R. and Gigliotti, M. F. X.},
  title = {Niobium silicide high temperature \emph{in-situ} composites},
  booktitle = {Intermetallic Compounds: Principles and Practice},
  publisher = {John Wiley and Sons Ltd},
  year = {2002},
  editor = {Westbrook, J. H. and Fleischer, R. L.},
  volume = {3},
  chapter = {26},
  pages = {541--560},
  owner = {howard},
  timestamp = {2006.11.01}
}

@ARTICLE{bewlay1996,
  author = {Bewlay, B. P. and Jackson, M. R. and Lipsitt, H. A.},
  title = {The balance of mechanical and environmental properties of a multielement
	niobium-niobium silicide-based \emph{in situ} composite},
  journal = {Metallurgical and Materials Transactions {A}},
  year = {1996},
  volume = {27{A}},
  pages = {3801--3808},
  owner = {howard},
  timestamp = {2006.10.31}
}

@ARTICLE{bewlay1995,
  author = {Bewlay, B. P. and Lipsitt, H. A. and Jackson, M. R. and Reeder, W.
	J. and Sutliff, J. A.},
  title = {Solidification processing of high temperature intermetallic eutectic-based
	alloys},
  journal = {Materials Science and Engineering},
  year = {1995},
  volume = {{A}192--193},
  pages = {534--543},
  owner = {howard},
  timestamp = {2006.11.11}
}

@INPROCEEDINGS{V76_29,
  author = {Bibring, H. and Khan, T. and Rabinovitch, M. and Stohr, J.-F.},
  title = {Development and evaluation of new industrial {DS} monocarbide reinforced
	composites for turbine blades},
  booktitle = {Superalloys},
  year = {1976},
  editor = {Muzyka, D.R. and Couts, Jr., W.H. and Wasielewski, G.E. and Kear,
	B.H. and Stroup, J.P. and Dreshfield, R.L. and Morrow III, H.},
  pages = {331--340},
  organization = {The Minerals, Metals \& Materials Society},
  note = {Proceedings of the third international symposium on Superalloys in
	Seven Springs, Pennsylvania},
  owner = {howard},
  timestamp = {2006.11.12}
}

@TECHREPORT{booker1961,
  author = {Booker, J. and Paine, R.M. and Stonehouse, A.J.},
  title = {Investigation of intermetallic compounds for very high temperature
	applications},
  year = {1961},
  type = {U.S. {A}ir {F}orce tech report},
  number = {{WADD} {TR} 60-889, Part {I}},
  month = {March}
}

@ARTICLE{bradley1937,
  author = {Bradley, A. J. and Taylor, A.},
  title = {An x-ray analysis of the nickel-aluminium system},
  journal = {Proceedings of the Royal Society of London, series {A}: Mathematical
	and physical sciences},
  year = {1937},
  volume = {159},
  pages = {56--72},
  number = {896},
  month = {March},
  owner = {howard},
  timestamp = {2006.11.14}
}

@INCOLLECTION{brady2000book,
  author = {Brady, M. P. and Pint, B. A. and Tortorelli, P. F. and Wright, I.
	G. and Hanrahan, Jr., R. J.},
  title = {High temperature oxidation and corrosion of intermetallics},
  booktitle = {Corrosion and Environmental Degradation},
  publisher = {Wiley-VCH},
  year = {2000},
  editor = {Sch\"utze, M.},
  volume = {2},
  series = {Materials Science and Technology},
  pages = {229--325},
  owner = {howard},
  timestamp = {2006.11.27}
}

@ARTICLE{brady2000,
  author = {Brady, M. P. and Zhu, J. H. and Liu, C. T. and Tortorelli, P. F.
	and Walker, L. R.},
  title = {Oxidation resistance and mechanical properties of {Laves} phase reinforced
	{Cr} in-situ composites},
  journal = {Intermetallics},
  year = {2000},
  volume = {8},
  pages = {1111--1118},
  owner = {howard},
  timestamp = {2006.11.14}
}

@ARTICLE{briant2000,
  author = {Briant, C. L. and Kumar, K. S. and Rosenberg, N. and Tomioka, H.},
  title = {The mechanical properties of high purity chromium},
  journal = {Refractory metals and hard materials},
  year = {2000},
  volume = {18},
  pages = {9--11},
  key = {briant2000},
  owner = {RRUTC User},
  timestamp = {2006.11.09}
}

@ARTICLE{brzeski1993,
  author = {Brzeski, J. M. and Hack, J. E. Darolia, R. and Field, R. D.},
  title = {Strain aging embrittlement of the ordered intermetallic compound
	{NiAl}},
  journal = {Materials Science and Engineering {A}},
  year = {1993},
  volume = {170},
  pages = {11-18},
  number = {1--2},
  month = {October},
  owner = {howard},
  timestamp = {2006.11.14}
}

@ARTICLE{burnashova1969,
  author = {Burnashova, V. V. and Markiv, V. Ya.},
  journal = {Dopovidi Akademii Nauk Ukrainskoi {RSR} {A}},
  year = {1969},
  volume = {31},
  pages = {59--61},
  number = {1},
  owner = {howard},
  timestamp = {2006.11.19}
}

@ARTICLE{burnashova1970,
  author = {Burnashova, V. V. and Ryabov, V. R. and Markiv, V. Ya.},
  journal = {Dopovidi Akademii Nauk Ukrainskoi {RSR} {A}},
  year = {1970},
  volume = {32},
  pages = {747--750},
  number = {8},
  owner = {howard},
  timestamp = {2006.11.19}
}

@ARTICLE{celis1991a,
  author = {Celis, P. B. and Ishizaki, K.},
  title = {Synthesis of intermetallics for high temperature applications: ({M}n$_5${S}i$_3$)16{H}
	crystal structure},
  journal = {Journal of Materials Science},
  year = {1991},
  volume = {26},
  pages = {3497--3502},
  owner = {howard},
  timestamp = {2006.10.31}
}

@ARTICLE{celis1991b,
  author = {Celis, P. B. and Kagawa, E. and Ishizaki, K.},
  title = {Design and production of the {Z}r$_3${T}i$_2${S}i$_3$ intermetallic
	compound},
  journal = {Journal of Materials Research},
  year = {1991},
  volume = {6},
  pages = {2077--2083},
  number = {10},
  owner = {howard},
  timestamp = {2006.10.31}
}

@ARTICLE{chan1996,
  author = {Chan, K. S. and Davidson, D. L.},
  title = {The fracture resistance and crack-tip micromechanics of in-situ intermetallic
	composites},
  journal = {Journal of Metals},
  year = {1996},
  volume = {48},
  pages = {62--67},
  month = {September},
  owner = {howard},
  timestamp = {2006.11.22}
}

@ARTICLE{chang1992,
  author = {Chang, K.-M. and Darolia, R. and Lipsitt, H. A.},
  title = {Cleavage fracture of {B}2 aluminides},
  journal = {Acta Metallurgica et Materialia},
  year = {1992},
  volume = {40},
  pages = {2727--2737},
  owner = {howard},
  timestamp = {2006.10.31}
}

@ARTICLE{cotton1993a,
  author = {Cotton, J. D. and Noebe, R. D.},
  title = {The effects of chromium on {NiAl} intermetallic alloys: {Part I.}
	Microstructures and mechanical properties},
  journal = {Intermetallics},
  year = {1993},
  volume = {1},
  pages = {3--20},
  owner = {howard},
  timestamp = {2006.11.14}
}

@ARTICLE{cotton1993b,
  author = {Cotton, J. D. and Noebe, R. D.},
  title = {The effects of chromium on {NiAl} intermetallic alloys: {Part II.}
	Slip systems},
  journal = {Intermetallics},
  year = {1993},
  volume = {1},
  pages = {117--126},
  owner = {howard},
  timestamp = {2006.11.14}
}

@INPROCEEDINGS{cotton1993,
  author = {Cotton, J. R. and Noebe, R. D. and Kaufman, M. J.},
  title = {Ternary alloying effects in polycrystalline $\beta$-{NiAl}},
  booktitle = {Structural Intermetallics},
  year = {1993},
  editor = {Darolia, R. and Lewandowski, J. J. and Liu, C. T. and Martin, P.
	L. andMiracle, D. B. and Nathal, M. V.},
  organization = {TMS High Temperature Alloys Committee in cooperation with ASM Internationaland
	the American Society of Mechanical Engineers},
  publisher = {TMS}
}

@ARTICLE{cruse1997,
  author = {Cruse, T. A. and Newkirk, J. W.},
  title = {Evaluation of methods to produce tough {C}r$_3${S}i based composites},
  journal = {Materials Science and Engineering {A}},
  year = {1997},
  volume = {239--240},
  pages = {410--418},
  owner = {howard},
  timestamp = {2006.11.05}
}

@ARTICLE{cui2004,
  author = {Cui, C. Y. and Guo, J. T. and Ye, H. Q.},
  title = {Microstructure, brittle-ductile transition temperature and elevated
	temperature compressive behaviour of the directionally solidified
	{NiAl}-{Cr(Mo)}-{Hf} alloy},
  journal = {Materials Science and Engineering},
  year = {2004},
  volume = {{A}385},
  pages = {359--366},
  owner = {howard},
  timestamp = {2006.11.22}
}

@INPROCEEDINGS{darolia1993,
  author = {Darolia, R.},
  title = {{NiAl} for turbine airfoil applications},
  booktitle = {Structural Intermetallics},
  year = {1993},
  editor = {Darolia, R. and Lewandowski, J. J. and Liu, C. T. and Martin, P.
	L. andMiracle, D. B. and Nathal, M. V.},
  organization = {TMS High Temperature Alloys Committee in cooperation with ASM Internationaland
	the American Society of Mechanical Engineers},
  publisher = {TMS},
  key = {darolia1993}
}

@ARTICLE{darolia1992,
  author = {Darolia, R. and Lahrman, D. and Field, R.},
  title = {The effect of iron, gallium and molybdenum on the room temperature
	tensile ductility of {N}i{A}l},
  journal = {Scritpa Metallurgica et Materialia},
  year = {1992},
  volume = {26},
  pages = {1007--1012},
  owner = {howard},
  timestamp = {2006.10.31}
}

@INPROCEEDINGS{V96_66,
  author = {Darolia, R. and Walston, W. S. and Nathal, M. V.},
  title = {{NiAl} alloys for turbine airfoils},
  booktitle = {Superalloys},
  year = {1996},
  editor = {Kissinger, R. D. and Deye, D. J. and Anton, D. L. and Cetel, A. D.
	and Nathal, M. V. and Pollock, T. M. and Woodford, D. A.},
  pages = {561--570},
  organization = {The Minerals, Metals\& Materials Society},
  note = {Proceedings of the eighth international symposium on Superalloys
	in Seven Springs, Pennsylvania},
  owner = {howard},
  timestamp = {2006.11.26}
}

@ARTICLE{davidson1996,
  author = {Davidson, D. L. and Chan, K. S. and Anton, D. L.},
  title = {The effects on fracture toughness of ductile-phase composition and
	morphology in {Nb-Cr-Ti} and {Nb-Si} \emph{in situ} composites},
  journal = {Metallurgical and Materials Transactions {A}},
  year = {1996},
  volume = {27{A}},
  pages = {3007--3018},
  owner = {howard},
  timestamp = {2006.11.09}
}

@ARTICLE{davidson2000,
  author = {Davidson, D. L. and Chan, K. S. and Loloee, R. and Crimp, M. A.},
  title = {Fatigue and fracture toughness of a {N}b-{T}i-{C}r-{A}l-{X} single-phase
	alloy at ambient temperature},
  journal = {Metallurgical and Materials Transactions {A}},
  year = {2000},
  volume = {31{A}},
  pages = {1075--1084},
  owner = {howard},
  timestamp = {2006.11.01}
}

@INPROCEEDINGS{dimiduk1993,
  author = {Dimiduk, D. M. and Mendiratta, M. G. Subramanian, P. R.},
  title = {Development approaches for advanced intermetallic materials - historical
	perspective and selected successes},
  booktitle = {Structural Intermetallics},
  year = {1993},
  editor = {Darolia, R. and Lewandowski, J. J. and Liu, C. T. and Martin, P.
	L. andMiracle, D. B. and Nathal, M. V.},
  organization = {TMS High Temperature Alloys Committee in cooperation with ASM Internationaland
	the American Society of Mechanical Engineers},
  publisher = {TMS}
}

@ARTICLE{dollar2003,
  author = {Doll{\'a}r, A. and Dymek, S.},
  title = {MIcrostructure and high temperature mechanical properties of mechanically
	alloyed {N}b$_3${A}l-based materials},
  journal = {Intermetallics},
  year = {2003},
  volume = {11},
  pages = {341--349},
  owner = {howard},
  timestamp = {2006.11.01}
}

@ARTICLE{dymek2001,
  author = {Dymek, S. and Lorent, A. and Wr{\'o}bel, M. and Dollar, A.},
  title = {Mechanical alloying and microstructure of a {N}b-20\%{V}-15\%{A}l
	alloy},
  journal = {Materials Characterization},
  year = {2001},
  volume = {47},
  pages = {375--381},
  owner = {howard},
  timestamp = {2006.11.01}
}

@BOOK{elliot-book,
  title = {Eutectic solidification processing - Crystalline and glassy alloys},
  publisher = {Butterworths and co.},
  year = {1983},
  author = {Elliott, R.}
}

@BOOK{nuffieldbook,
  title = {Nuffield Advanced Science Book of Data},
  publisher = {Longman Group Limited},
  year = {1992},
  editor = {Ellis, H.},
  author = {Ellis, H. and Harrison, R. D. and Jenkins, H. D. B.},
  edition = {Revised},
  note = {Ninth Impression 1992},
  owner = {howard},
  timestamp = {2006.11.14}
}

@ARTICLE{ervin1963,
  author = {Ervin, Jr., G. and Nakata, M. M.},
  journal = {Journal of the Electrochemical Society},
  year = {1963},
  volume = {110},
  pages = {1103},
  owner = {howard},
  timestamp = {2006.11.16}
}

@ARTICLE{field1991,
  author = {Field, R. D. and Lahrman, D. F. and Darolla, R.},
  title = {Slip systems in $\langle$001$rangle$ orientated {N}i{A}l single crystals},
  journal = {Acta metallica},
  year = {1991},
  volume = {39},
  pages = {2951--2959},
  number = {12},
  key = {field1991},
  owner = {RRUTC User},
  timestamp = {2006.11.09}
}

@INCOLLECTION{fleischer-intermetallics,
  author = {Fleischer, R.L.},
  title = {Miscellaneous Novel Intermetallics},
  booktitle = {Intermetallic Compounds: Principles and Practice},
  publisher = {John Wiley and Sons Ltd},
  year = {1994},
  editor = {Westbrook, J.H. and Fleischer, R.L.},
  volume = {2},
  chapter = {11},
  pages = {237--256}
}

@ARTICLE{fleischer1991a,
  author = {Fleischer, R.L.},
  title = {Mechanical properities of high-temperature alloys of AlRu},
  journal = {Metallurgical Transactions A},
  year = {1991},
  volume = {22A},
  pages = {403--414},
  month = {February}
}

@ARTICLE{fleischer1987a,
  author = {Fleischer, R.L.},
  title = {High-stength high-temperature intermetallic compounds},
  journal = {Journal of Materials Science},
  year = {1987},
  volume = {22},
  pages = {2281--2288}
}

@ARTICLE{fleischer1985a,
  author = {Fleischer, R.L.},
  title = {High-temperature, high-strength materials - An overview},
  journal = {Journal of Metals},
  year = {1985},
  pages = {16--20},
  month = {December}
}

@ARTICLE{fleischer2005,
  author = {Fleischer, R. L.},
  title = {The distribution of boron in {AlRu} : Effect on ductility and toughness},
  journal = {Acta Materialia},
  year = {2005},
  volume = {53},
  pages = {2623--2627},
  key = {fleischer2005}
}

@ARTICLE{fleischer1993a,
  author = {Fleischer, R. L.},
  title = {Substitutional solutes in {AlCo}: Part {I}. Effects of solute on
	moduli, lattice parameters, and vacancy production},
  journal = {Journal of materials Research},
  year = {1993},
  volume = {8},
  pages = {49--58},
  number = {1},
  month = {January},
  owner = {howard},
  timestamp = {2006.11.14}
}

@ARTICLE{fleischer1993b,
  author = {Fleischer, R. L.},
  title = {Substitutional solutes in {AlCo}: Part {II}. Hardening and correlations
	with defect structure},
  journal = {Journal of materials Research},
  year = {1993},
  volume = {8},
  pages = {59--67},
  number = {1},
  month = {January},
  owner = {howard},
  timestamp = {2006.11.14}
}

@ARTICLE{fleischer1991b,
  author = {Fleischer, R. L. and Field, R. D. and Briant, C. L.},
  title = {Mechanical, elastic, and structural properties of alloys of {Ru}-{Ta}
	high temperature intermetallic compounds},
  journal = {Metallurgical Transactions {A}},
  year = {1991},
  volume = {22{A}},
  pages = {129--137},
  month = {January},
  owner = {howard},
  timestamp = {2006.11.22}
}

@ARTICLE{fleischer1990d,
  author = {Fleischer, R. L. and Field, R. D. and Denike, K. K. and Zabala, R.
	J.},
  title = {Mechanical properties of alloys of {IrNb} and high-temperature intermetallic
	compounds},
  journal = {Metallurgical Transactions {A}},
  year = {1990},
  volume = {21{A}},
  pages = {3063--3074},
  month = {December},
  owner = {howard},
  timestamp = {2006.11.22}
}

@ARTICLE{fleischer1989c,
  author = {Fleischer, R. L. and Gilmore, R. S. and Zabala, R. J.},
  title = {Elastic moduli of polycrystalline high-temperture binary intermetallic
	compounds},
  journal = {Acta Metallurgica},
  year = {1989},
  volume = {37},
  pages = {2801--2803},
  number = {10},
  owner = {howard},
  timestamp = {2006.11.22}
}

@ARTICLE{fleischer1988,
  author = {Fleischer, R. L. and Gilmore, R. S. and Zabala, R. J.},
  title = {Elastic moduli of polycrystalline intermetallic compounds of titanium},
  journal = {Journal of Applied Physics},
  year = {1988},
  volume = {64},
  pages = {2964--2967},
  number = {6},
  month = {September},
  owner = {howard},
  timestamp = {2006.11.14}
}

@ARTICLE{fleischer1989,
  author = {Fleischer, R. L. and Taub, A. I.},
  title = {Selecting high-temperature structural intermetallic compounds: The
	materials science approach},
  journal = {Journal of Metals},
  year = {1989},
  pages = {8--11},
  month = {September},
  owner = {howard},
  timestamp = {2006.11.01}
}

@ARTICLE{fleischer1990a,
  author = {Fleischer, R. L. and Zabala, R. J.},
  title = {Mechanical properties of high-temperature titanium intermetallic
	compounds},
  journal = {Metallurgical Transactions {A}},
  year = {1990},
  volume = {21{A}},
  pages = {1951--1957},
  owner = {howard},
  timestamp = {2006.11.01}
}

@ARTICLE{fleischer1990b,
  author = {Fleischer, R. L. and Zabala, R. J.},
  title = {Mechanical properties of {T}i-{C}r-{N}b alloys and prospects for
	high-temperature applications},
  journal = {Metallurgical Transactions {A}},
  year = {1990},
  volume = {21{A}},
  pages = {2149--2154},
  owner = {howard},
  timestamp = {2006.11.01}
}

@ARTICLE{fleischer1990c,
  author = {Fleischer, R. L. and Zabala, R. J.},
  title = {Mechanical properties of diverse binary high-temperature intermetallic
	compounds},
  journal = {Metallurgical Transactions {A}},
  year = {1990},
  volume = {21{A}},
  pages = {2709--2715},
  owner = {howard},
  timestamp = {2006.11.01}
}

@ARTICLE{fleischer1989b,
  author = {Fleischer, R. L. and Zabala, R. J.},
  title = {Mechanical properties of high-temperature Beryllium intermetallic
	compounds},
  journal = {Metallurgical Transactions {A}},
  year = {1989},
  volume = {20{A}},
  pages = {1279--1282},
  month = {July},
  owner = {RRUTC User},
  timestamp = {2006.11.09}
}

@INCOLLECTION{fountain1957,
  author = {Fountain, R. W. and Korchynsky, M.},
  title = {Chromium-base alloys for high temperature applications},
  booktitle = {High temperature materials},
  publisher = {John Wiley \& Sons, Inc.},
  year = {1957},
  editor = {Hehemann, R. F. and Mervin Ault, G.},
  chapter = {15},
  pages = {207--228},
  owner = {howard},
  timestamp = {2006.11.22}
}

@ARTICLE{frommeyer1990,
  author = {Frommeyer, G. and Rosenkranz, R. and L{\"u}decke, C.},
  title = {Microstructure and properties of the refractory intermetallic {T}i$_5${S}i$_3$
	compound and the unidirectioally solidified eutectic {T}i-{T}i$_5${S}i$_3$alloy},
  journal = {Zeitschrift f{\"u}r Metallkunde},
  year = {1990},
  volume = {81},
  pages = {307--313},
  number = {5},
  owner = {howard},
  timestamp = {2006.10.31}
}

@BOOK{frost1982,
  title = {Deformation mechanism maps},
  publisher = {Pergamon Press},
  year = {1982},
  author = {Frost, H. J. and Ashby, M. F.},
  owner = {howard},
  timestamp = {2006.11.16}
}

@ARTICLE{george1994,
  author = {George, E. P. and Yamaguchi, M. and Kumar, K. S. and Liu, C. T.},
  title = {Ordered Intermetallics},
  journal = {Annual Review of Materials Science},
  year = {1994},
  volume = {24},
  pages = {409--451},
  owner = {howard},
  timestamp = {2006.11.18}
}

@INPROCEEDINGS{gigliotti1976,
  author = {Gigliotti, M.F. and Henry, M.F.},
  booktitle = {Conference on in-situ composites II},
  year = {1976}
}

@ARTICLE{gladyshevskii1966,
  author = {Gladyshevskii, E. I. and Borusevich, L. K.},
  journal = {Russian Metallurgy},
  year = {1966},
  volume = {1},
  pages = {87},
  owner = {howard},
  timestamp = {2006.11.19}
}

@ARTICLE{gnanamoorthy1996,
  author = {Gnanamoorthy, R. and Hanada, S.},
  title = {Microstructure and strength of binary and tantalum alloyed two-phase
	{Nb$_ss$/Nb$_3$Al}base alloys},
  journal = {Materials Science and Engineering},
  year = {1996},
  volume = {{A}207},
  pages = {129--134},
  key = {gnanamoorthy1996}
}

@INCOLLECTION{gokhale1990,
  author = {Gokhale, A. B. and Abbaschian, G. J.},
  title = {{Mo-Si} (Molybdenum-Silicon)},
  booktitle = {Binary Alloy Phase Diagrams, II},
  year = {1990},
  editor = {Massalski, T.B.},
  volume = {3},
  pages = {2664--2666},
  owner = {howard},
  timestamp = {2006.11.16}
}

@TECHREPORT{grinthal1958,
  author = {Grinthal, R.D.},
  title = {New high temperature intermetallic materials},
  year = {1958},
  type = {U.S. {A}ir {F}orce tech report},
  number = {{WADC} {TR} 53-190, Part {VI}},
  month = May
}

@INCOLLECTION{grinthal-westbrookbook,
  author = {Grinthal, R. D.},
  title = {Intermetallic compounds of the transition metals and their high temperature
	properties},
  booktitle = {Mechanical properties of intermetallic compounds},
  publisher = {John {W}iley and {S}ons},
  year = {1960},
  editor = {Westbrook, J. H.},
  chapter = {15},
  pages = {337--343},
  owner = {howard},
  timestamp = {2006.11.08}
}

@ARTICLE{guan2002,
  author = {Guan, D.-L. and Brooks, C. R. and Liaw, P. K.},
  title = {Microstrucuture and mechanical properties of as-cast and aged {N}b-15at.\%{A}l-10at.\%{T}i,
	-25at.\%{T}i, and -40at.\%{T}i alloys},
  journal = {Intermetallics},
  year = {2002},
  volume = {10},
  pages = {441--458},
  owner = {howard},
  timestamp = {2006.11.01}
}

@ARTICLE{hack1992,
  author = {Hack, J. E. and Brzeski, J. M. and Darolia, R.},
  title = {Evidence of inherent ductility in single crystals of the ordered
	intermetallic compound {NiAl}},
  journal = {Scripta Metallurgica et Materialia},
  year = {1992},
  volume = {27},
  pages = {1259--1263},
  number = {10},
  month = {November},
  owner = {howard},
  timestamp = {2006.11.14}
}

@ARTICLE{hanada1994,
  author = {Hanada, S. and Murayama, Y. and Abe, Y.},
  title = {High-temperature deformation of {Nb$_3$Al} alloys},
  journal = {Intermetallics},
  year = {1994},
  volume = {2},
  pages = {155--165},
  key = {hanada1994}
}

@ARTICLE{harada1998,
  author = {Harada, Y. and Murata, Y. and Morinaga, M.},
  title = {Solid solution softening and hardening in alloyed MoSi$_2$},
  journal = {Intermetallics},
  year = {1998},
  volume = {6},
  pages = {529--535},
  owner = {howard},
  timestamp = {2006.11.18}
}

@ARTICLE{hayashi2004,
  author = {Hayashi, T. and Ito, K. and Ihara, K. and Fujikura, M. and Yamaguchi,
	M.},
  title = {Creep of single crystalline and polycrystalline {T}2 phase in the
	{Mo–Si–B} system},
  journal = {Intermetallics},
  year = {2004},
  volume = {12},
  pages = {699--704},
  number = {7--9},
  month = {July--September},
  owner = {howard},
  timestamp = {2006.11.05}
}

@ARTICLE{hesbur1994,
  author = {Hebsur, M. G.},
  title = {Studies on tungsten {(WHfC)} filament-reinforced {NbAl$_3$}-base
	alloy},
  journal = {Intermetallics},
  year = {1994},
  volume = {2},
  pages = {43--54},
  key = {hesbur1994}
}

@ARTICLE{hesbur1992,
  author = {Hebsur, M. G. and Locci, I. E. and Raj, S. V. and Nathal, M. V.},
  title = {Influence of processing on the microstructure and mechanical properties
	of a {N}b{A}l$_3$ - base alloy},
  journal = {Materials Research Society},
  year = {1992},
  volume = {7},
  pages = {1696--1706},
  number = {7},
  month = {July},
  owner = {RRUTC User},
  timestamp = {2006.11.09}
}

@ARTICLE{henager1992,
  author = {Henager, Jr., C.H. and Jacobson, R.E. and Bruemmer, S.M.},
  title = {Elevated temperature mechanical properties of {B}e$_{12}${N}b},
  journal = {Mateials Science and Engineering},
  year = {1992},
  volume = {A153},
  pages = {416--421}
}

@INPROCEEDINGS{igarashi1993,
  author = {Igarashi, M. and Senba, H.},
  title = {High temperature deformation and oxidation resistance od {NiAl} based
	intermetallic compounds},
  booktitle = {Structural Intermetallics},
  year = {1993},
  editor = {Darolia, R. and Lewandowski, J. J. and Liu, C. T. and Martin, P.
	L. andMiracle, D. B. and Nathal, M. V.},
  organization = {TMS High Temperature Alloys Committee in cooperation with ASM Internationaland
	the American Society of Mechanical Engineers},
  publisher = {TMS}
}

@ARTICLE{inui2000,
  author = {Inui, H. and Ishikawa, M. and Yamaguchi, M.},
  title = {Effects of alloying elements on plastic deformation of single crystals
	of MoSi$_2$},
  journal = {Intermetallics},
  year = {2000},
  volume = {8},
  pages = {1131--1145},
  owner = {howard},
  timestamp = {2006.11.18}
}

@ARTICLE{inui1997,
  author = {Inui, H. and Moriwaki, M. and Yamaguchi, M.},
  title = {Plastic deformation of single crystals of {CrSi}$_2$ with {C40} structure},
  journal = {Materials Science and Engineering {A}},
  year = {1997},
  volume = {{A}239-240},
  pages = {63--68},
  owner = {howard},
  timestamp = {2006.11.08}
}

@ARTICLE{inui1999,
  author = {Inui, H. and Nakamoto, T. and Ishikawa, K. and Yamaguchi, M.},
  title = {Plastic deformation of single crystals of (Mo$_{1-x}$W$_x$)Si$_2$
	with the {C}11$_\mathrm{b}$ structure},
  journal = {Materials Science and Engineering},
  year = {1999},
  volume = {{A}261},
  pages = {131--138},
  owner = {howard},
  timestamp = {2006.11.18}
}

@ARTICLE{jackson1996,
  author = {Jackson, M. R. and Bewlay, B. P. and Rowe, R. G. and Skelly, D. W.
	and Lipsitt, H. A.},
  title = {High-temperature refractory metal-intermetallic compounds},
  journal = {Journal of Metals},
  year = {1996},
  volume = {48},
  pages = {39--44},
  month = {January},
  owner = {howard},
  timestamp = {2006.11.22}
}

@INPROCEEDINGS{V76_30,
  author = {Jackson, M. R. and Walter, J. L.},
  title = {Superalloy eutectic composites with the {VIA} refractory elements
	- {Cr}, {Mo} and {W}},
  booktitle = {Superalloys},
  year = {1976},
  editor = {Muzyka, D.R. and Couts, Jr., W.H. and Wasielewski, G.E. and Kear,
	B.H. and Stroup, J.P. and Dreshfield, R.L. and Morrow III, H.},
  pages = {341--350},
  organization = {The Minerals, Metals \& Materials Society},
  note = {Proceedings of the third international symposium on Superalloys in
	Seven Springs, Pennsylvania},
  owner = {howard},
  timestamp = {2006.11.12}
}

@ARTICLE{jha1989,
  author = {Jha, S. C. and Ray, R. and Whittenberger, J. D.},
  title = {Carbide-dispersion-strengthened {B}2 {NiAl}},
  journal = {Materials Science and Engineering A},
  year = {1989},
  volume = {119},
  pages = {103--111},
  month = {November},
  owner = {howard},
  timestamp = {2006.11.06}
}

@ARTICLE{johnson1995,
  author = {Johnson, D. R. and Chen, X. F. and Oliver, B. F. and Noebe, R. D.
	and Whittenberger,J. D.},
  title = {Processing and mechanical properties of in-situ composites from the
	{NiAl}-{Cr} and the {NiAl}-({Cr,Mo}) eutectic systems§},
  journal = {Intermetallics},
  year = {1995},
  volume = {3},
  pages = {99--113},
  number = {2},
  owner = {howard},
  timestamp = {2006.11.06}
}

@ARTICLE{johnson1995c,
  author = {Johnson, D. R. and Chen, X. F. and Oliver, B. F. and Noebe, R. D.
	and Whittenberger,J. D.},
  title = {Directional solidification and mechanical properties of {NiAl-NiAlTa}
	alloys},
  journal = {Intermetallics},
  year = {1995},
  volume = {3},
  pages = {141--152},
  number = {2},
  owner = {howard},
  timestamp = {2006.11.06}
}

@INPROCEEDINGS{johnson1993,
  author = {Johnson, D. R. and Joslin, S. M. and Oliver, B. F. and Noebe, R.
	D. andWhittenberger, J. D.},
  title = {High purity {N}i{A}l single crystals and compositees by containerless
	automated processing},
  booktitle = {Processing materials for properties},
  year = {1993},
  editor = {Henein, H. and Oki, T.},
  pages = {865--870},
  organization = {The Minerals, Metals and Materials Society},
  note = {First international conference},
  owner = {howard},
  timestamp = {2006.11.02}
}

@ARTICLE{johnson1995b,
  author = {Johnson, D. R. and Oliver, B. F. and Noebe, R. D. and Whittenberger,
	J.D.},
  title = {{NiAl}-based polyphase in situ composites in the {NiAl}-{Ta}-{X}
	({X} ={Cr, Mo, or V}) systems},
  journal = {Intermetallics},
  year = {1995},
  volume = {3},
  pages = {493--503},
  number = {6},
  owner = {howard},
  timestamp = {2006.11.06}
}

@INPROCEEDINGS{jung1987,
  author = {Jung, I. and Rudy, M. and Sauthoff, G.},
  title = {Creep in ternary {B2} aluminides and other intermetallic phases},
  booktitle = {High temperature ordered intermetallic alloys {II}},
  year = {1987},
  editor = {Stoloff, N. S. and Kock, C. C. and Liu, C. T. and Izumi, O.},
  volume = {81},
  series = {Materials Research Society Symposium Proceedings},
  pages = {263--274},
  owner = {howard},
  timestamp = {2006.11.14}
}

@INPROCEEDINGS{V80_52,
  author = {Kahn, T. and Stohr, J. F. and Bibring, H.},
  title = {{COTAC} 744: An optimized {D.S.} composite for turbine blades},
  booktitle = {Superalloys},
  year = {1980},
  pages = {531--540},
  organization = {The Minerals, Metals \& Materials Society},
  owner = {howard},
  timestamp = {2006.11.12}
}

@INCOLLECTION{kattner1990,
  author = {Kattner, U. R.},
  title = {{Al-Nb} (Aluminium-Niobium)},
  booktitle = {Binary Alloy Phase Diagrams, II},
  year = {1990},
  editor = {Massalski, T.B.},
  volume = {1},
  pages = {179--181},
  owner = {howard},
  timestamp = {2006.11.05}
}

@INPROCEEDINGS{kim1991,
  author = {Kim, J. T. and Gibala, R.},
  title = {Slip transition in [001] orientated {NiAl} at high temperatures},
  booktitle = {High temperature ordered intermetallic alloys {IV}},
  year = {1991},
  editor = {Johnson, L. and Pope, D.P. and Stiegler, J.O.},
  number = {213},
  series = {Materials Research Society Symposium Proceedings},
  pages = {261--266},
  owner = {howard},
  timestamp = {2006.11.14}
}

@INPROCEEDINGS{V80_54,
  author = {Kim, Y. G. and Merrick, H. F.},
  title = {Fatigue properties of {MA6000E}, a $\gamma\prime$ strengthened {ODS}
	alloy},
  booktitle = {Superalloys},
  year = {1980},
  pages = {551--561},
  organization = {The Minerals, Metals \& Materials Society},
  note = {Proceedings of the fourth international symposium on Superalloys
	in Seven Springs, Pennsylvania},
  owner = {howard},
  timestamp = {2006.11.12}
}

@ARTICLE{kocherzhinskii1976,
  author = {Kocherzhinskii, Y. A. and Kulik, O. G.},
  journal = {Metallofizika},
  year = {1976},
  volume = {64},
  pages = {44},
  owner = {howard},
  timestamp = {2006.11.19}
}

@ARTICLE{koehler1947,
  author = {Koehler, J.S. and Seitz, F.},
  title = {Proposed experiments for further study of the mechanism of plastic
	deformation},
  journal = {Journal of Applied Mechanics},
  year = {1947},
  volume = {14},
  pages = {A217--A224}
}

@INPROCEEDINGS{koizumi2004,
  author = {Koizumi, Y. and Kobayashi, T. and Yokokawa, T. and Zhang, J. and
	Osawa,M. and Harada, H. and Aoki, Y. and Arai, M.},
  title = {Development of next-generation {N}i-base single crystal superalloys},
  booktitle = {Superalloys},
  year = {2004},
  editor = {Green, K.A. and Pollock, T.M. and Harada, H. and Howson, T.E. and
	Reed,R.C. and Schirra, J.J. and Walston, S.},
  pages = {35--43},
  organization = {{TMS} ({T}he {M}inerals, {M}etals and {M}aterials {S}ociety)}
}

@INPROCEEDINGS{kumar1993,
  author = {Kumar, K. S.},
  title = {Microstructure and mechanical prperties of ternary {Ll$_2$} aluminium-rich
	intermetallics},
  booktitle = {Structural Intermetallics},
  year = {1993},
  editor = {Darolia, R. and Lewandowski, J. J. and Liu, C. T. and Martin, P.
	L. andMiracle, D. B. and Nathal, M. V.},
  organization = {TMS High Temperature Alloys Committee in cooperation with ASM Internationaland
	the American Society of Mechanical Engineers},
  publisher = {TMS}
}

@INCOLLECTION{kumar-stoloffbook,
  author = {Kumar, K. S.},
  title = {Advanced Intermetallics},
  booktitle = {Physical metallurgy and processing of intermetallic compounds},
  publisher = {Chapman and Hall},
  year = {1996},
  editor = {Stoloff, N. S. and Sikka, V. K.},
  chapter = {10},
  pages = {392--440},
  owner = {howard},
  timestamp = {2006.11.01}
}

@INCOLLECTION{kumar-intermetallics,
  author = {Kumar, K. S.},
  title = {Silicides: Science, Technology and Applications},
  booktitle = {Intermetallic Compounds: Principles and Practice},
  publisher = {John Wiley and Sons Ltd},
  year = {1994},
  editor = {Westbrook, J.H. and Fleischer, R.L.},
  volume = {2},
  chapter = {10},
  pages = {211--235},
  owner = {howard},
  timestamp = {2006.10.31}
}

@ARTICLE{kumar1990,
  author = {Kumar, K. S.},
  title = {Ternary intermetallic in aluminium - refractory metal - {X} ({X}={V},
	{Cr}, {Mn}, {Fe}, {Co}, {Ni}, {Cu}, {Zn})},
  journal = {International Materials Reviews},
  year = {1990},
  volume = {35},
  pages = {293--327},
  number = {6},
  owner = {howard},
  timestamp = {2006.11.14}
}

@ARTICLE{kumar1997,
  author = {Kumar, K. S. and Liu, C. T.},
  title = {Precipitation in a {Cr}-{Cr}$_2${Nb} alloy},
  journal = {Acta Materialia},
  year = {1997},
  volume = {45},
  pages = {3671--3686},
  number = {9},
  owner = {howard},
  timestamp = {2006.11.14}
}

@ARTICLE{kumar1994,
  author = {Kumar, K. S. and Miracle, D. B.},
  title = {Microstructural evolution and mechanical properties of a {Cr}-{Cr}$_2${Hf}
	alloy},
  journal = {Intermetallics},
  year = {1994},
  volume = {2},
  pages = {257--274},
  owner = {howard},
  timestamp = {2006.11.14}
}

@ARTICLE{kumar2000,
  author = {Kumar, K. S. and Pang, L. and Liu, C. T. and Horton, J. anbd Kenik,
	E. A.},
  title = {Strucutural stability of the {Laves} phase {Cr}$_2${Ta} in a two-phase
	{Cr}-{Cr}$_2${Ta} alloy},
  journal = {Acta Materialia},
  year = {2000},
  volume = {48},
  pages = {911--923},
  owner = {howard},
  timestamp = {2006.11.14}
}

@INPROCEEDINGS{lahrman1993a,
  author = {Lahrman, D. F. and Field, R. D. and Darolia, R.},
  title = {Effect of crystallographic orientation on the mechanical properties
	of a {NiAl+Fe} alloy},
  booktitle = {High Temperature Ordered Intermetallic Compounds {V}},
  year = {1993},
  editor = {Baker, I. and Darolia, R. and Whittenberger, J.D. and Yoo, M.H.},
  volume = {288},
  series = {Materials Research Society Symposium Proceedings},
  pages = {679--684},
  owner = {howard},
  timestamp = {2006.11.14}
}

@INPROCEEDINGS{lahrman1991,
  author = {Lahrman, D. F. and Field, R. D. and Darolia, R.},
  title = {The effect of strain rate on the mechanical properties of single
	crystal {NiAl}},
  booktitle = {High temperature ordered intermetallic alloys {IV}},
  year = {1991},
  editor = {Johnson, L. and Pope, D.P. and Stiegler, J.O.},
  number = {213},
  series = {Materials Research Society Symposium Proceedings},
  pages = {603--607},
  owner = {howard},
  timestamp = {2006.11.14}
}

@INPROCEEDINGS{V76_28,
  author = {Lemkey, D.},
  title = {Development of a second generation ductile/ductile $\gamma/\gamma\prime$--$\alpha$
	eutectic alloy},
  booktitle = {Superalloys},
  year = {1976},
  editor = {Muzyka, D.R. and Couts, Jr., W.H. and Wasielewski, G.E. and Kear,
	B.H. and Stroup, J.P. and Dreshfield, R.L. and Morrow III, H.},
  pages = {321--330},
  organization = {The Minerals, Metals \& Materials Society},
  note = {Proceedings of the third international symposium on Superalloys in
	Seven Springs, Pennsylvania},
  owner = {howard},
  timestamp = {2006.11.12}
}

@ARTICLE{lewis1961a,
  author = {Lewis, J. R.},
  title = {Evaluation of beryllides},
  journal = {Journal of Metals},
  year = {1961},
  pages = {357--362},
  month = {May},
  owner = {howard},
  timestamp = {2006.11.01}
}

@ARTICLE{lewis1961b,
  author = {Lewis, J. R.},
  title = {Further evaluation of beryllides},
  journal = {Journal of Metals},
  year = {1961},
  pages = {829--832},
  month = {November},
  owner = {howard},
  timestamp = {2006.11.01}
}

@INCOLLECTION{lipsitt-intermetallics,
  author = {Lipsitt, H. A. and Blackburn, M. J. and Dimiduk, D. M.},
  title = {High-temperature structural applications},
  booktitle = {Intermetallic Compounds: Principles and Practice},
  publisher = {John Wiley and Sons Ltd},
  year = {2002},
  editor = {Westbrook, J. H. and Fleischer, R. L.},
  volume = {3},
  chapter = {23},
  pages = {471--499},
  owner = {howard},
  timestamp = {2006.11.01}
}

@ARTICLE{liu1997,
  author = {Liu, C. T. and Stringer, J. and Mundy, J. N. and Horton, L. L. and
	Angelini, P.},
  title = {Ordered intermetallic alloys: an assessment},
  journal = {Intermetallics},
  year = {1997},
  volume = {5},
  pages = {579--596},
  owner = {howard},
  timestamp = {2006.11.22}
}

@ARTICLE{liu1996,
  author = {Liu, C. T. and Tortorelli, P. F. and Horton, J. A. and Carmichael,
	C. A.},
  title = {Effects of alloy additions on the microstructure of {Cr}-{Cr}$_2${Nb}
	alloys},
  journal = {Materials Science and Engineering},
  year = {1996},
  volume = {{A}214},
  pages = {23--32},
  owner = {howard},
  timestamp = {2006.11.14}
}

@ARTICLE{liu2002,
  author = {Liu, Z. G. and Al Kassab, T. and Kirchheim, R.},
  title = {The morphology of $\beta$-precipitates in {Ni}-12 at.\% {Be} alloy
	as investigated by tomographic atom probe},
  journal = {Materials Science and Engineering},
  year = {2002},
  volume = {{A}327},
  pages = {65--69},
  owner = {howard},
  timestamp = {2006.11.15}
}

@ARTICLE{loretto1971,
  author = {Loretto, M. H. and Wasilewski, R. J.},
  title = {Slip systems in {NiAl} single crystals at 300$^\circ${K} and 77$^\circ${K}},
  journal = {Philosophical Magazine},
  year = {1971},
  volume = {23},
  pages = {1311--1328},
  key = {loretto1971}
}

@ARTICLE{machon1996,
  author = {Machon, L. and Sauthoff, G.},
  title = {Deformation behaviour of {A}l-containing {C}14 {L}aves phase alloys},
  journal = {Intermetallics},
  year = {1996},
  volume = {4},
  pages = {469--481},
  owner = {howard},
  timestamp = {2006.11.01}
}

@ARTICLE{mahajan1978,
  author = {Mahajan, S. and Wernick, J. H. and Chin, G. Y. and Nakahara, S. and
	Geballe,T. H.},
  title = {Plastic deformation of {V}$_3${S}i single crystals at elevated temperatures},
  journal = {Applied Physics Letters},
  year = {1978},
  volume = {33},
  pages = {972--974},
  number = {11},
  owner = {howard},
  timestamp = {2006.10.31}
}

@INCOLLECTION{maloney-stoloffbook,
  author = {Maloney, M. J. and Shah, D.},
  title = {Silicides},
  booktitle = {Physical Metallurgy and Processing of Intermetallic Compounds},
  publisher = {Chapman and Hall},
  year = {1996},
  editor = {Stoloof, N. S. and Sikka, V. K.},
  chapter = {11},
  pages = {441--475},
  owner = {howard},
  timestamp = {2006.11.01}
}

@ARTICLE{maloy1991,
  author = {Maloy, S. and Heuer, A. H. and Lewandowski, J. and Petrovic, J.},
  title = {Carbon additions to molybdenum disilicide : improved high-temperature
	mechanical properties},
  journal = {American Ceramic Society},
  year = {1991},
  volume = {74},
  pages = {2704--2706},
  number = {10},
  owner = {RRUTC User},
  timestamp = {2006.11.09}
}

@ARTICLE{marcinkowski1961,
  author = {Marcinkowski, M.J. and Brown, N. and Fisher, R.M.},
  title = {Dislocation configurations in {AuCu$_3$} and {AuCu} type superlattices},
  journal = {Acta Metallugica},
  year = {1961},
  volume = {9},
  pages = {129--137}
}

@INPROCEEDINGS{mazdiyasni1990,
  author = {Mazdiyasni, S. and Miracle, D. B.},
  title = {Survey of eutectic systems as potential intermetallic matrix composites
	for high temperature applications},
  booktitle = {Intermetallic matrix composites},
  year = {1990},
  editor = {Anton, D. L. and Martin, P. L. and Miracle, D. B. and Mc{M}eeking,
	R.},
  volume = {194},
  series = {Materials Reseach Sociey Symoposium Proceedings},
  pages = {155--162},
  owner = {howard},
  timestamp = {2006.11.08}
}

@INCOLLECTION{mcalister1990,
  author = {McAlister, A.J.},
  title = {{Al-Co} (Aluminium-Cobalt)},
  booktitle = {Binary Alloy Phase Diagrams II},
  year = {1990},
  editor = {Massalski, T.B.},
  volume = {1},
  pages = {136--138}
}

@BOOK{mclean1983,
  title = {Directionally Solidified Materials for High Temperature Service},
  publisher = {The Metals Society},
  year = {1983},
  author = {McLean, M.},
  owner = {howard},
  timestamp = {2006.11.27}
}

@ARTICLE{menon1992,
  author = {Menon, E. S. K. and Subramanian, P. R. and Dimiduk, D. M.},
  title = {Phase equalibria in niobium rich {Nb-Al-Ti} alloys},
  journal = {Scripta Metallurgica},
  year = {1992},
  volume = {27},
  pages = {265--270},
  key = {menon1992}
}

@INPROCEEDINGS{V88_36,
  author = {Menzies, R.G. and Bruch, C.A. and Gigliotti, M.F. and Smith, J.A.
	and Haubert,R.C.},
  title = {The processing and testing of a hollow {DS} eutectic high pressure
	turbine blade},
  booktitle = {Superalloys},
  year = {1988},
  editor = {Reichman, S. and Duhl, D. N. and Maurer, G. and Antolovich, S. and
	Lund, C.},
  pages = {355--364},
  organization = {TMS},
  note = {Proceedings of the sixth international symposium on Superalloys in
	Seven Springs, Pennsylvania, September 18-22}
}

@ARTICLE{meschter1989,
  author = {Meschter, P. J. and Schwartz, D. S.},
  title = {Silicide-matrix materials for high-temperature applications},
  journal = {Journal of Metals},
  year = {1989},
  volume = {11},
  pages = {52--55},
  owner = {howard},
  timestamp = {2006.10.31}
}

@ARTICLE{meyer1996,
  author = {Meyer, M. K. and Akinc, M.},
  title = {Oxidation behaviour of boron-modified {M}o$_5${S}i$_3$ at 800$^\circ${C}-1300$^\circ${C}},
  journal = {American Ceramic Society},
  year = {1996},
  volume = {79},
  pages = {938--944},
  number = {4},
  owner = {RRUTC User},
  timestamp = {2006.11.09}
}

@ARTICLE{meyer1996b,
  author = {Meyer, M. K. and Kramer, M. J. and Akinca, M.},
  title = {Compressive creep behavior of {M}o$_5${S}i$_3$ with the addition
	of boron},
  journal = {Intermetallics},
  year = {1996},
  volume = {4},
  pages = {273--281},
  number = {4},
  owner = {howard},
  timestamp = {2006.11.05}
}

@ARTICLE{miracle1993,
  author = {Miracle, D. B.},
  title = {The physical and mehanical properties of {NiAl}},
  journal = {Acta Metallurgica},
  year = {1993},
  volume = {41},
  pages = {649--684},
  number = {3},
  key = {miracle1993}
}

@ARTICLE{miracle1991,
  author = {Miracle, D. B.},
  title = {Deformation in {N}i{A}l bicrystals},
  journal = {Acta metallica},
  year = {1991},
  volume = {39},
  pages = {1457--1468},
  number = {7},
  owner = {RRUTC User},
  timestamp = {2006.11.09}
}

@INCOLLECTION{miracle-intermetallics,
  author = {Miracle, D. B. and Darolia, R.},
  title = {NiAl and its Alloys},
  booktitle = {Intermetallic Compounds: Principles and Practice},
  publisher = {John Wiley and Sons Ltd},
  year = {1994},
  editor = {Westbrook, J.H. and Fleischer, R.L.},
  volume = {2},
  chapter = {3},
  pages = {53--72},
  owner = {howard},
  timestamp = {2006.10.28}
}

@INCOLLECTION{miraclecomposites-intermetallics,
  author = {Miracle, D. B. and Mendiratta, M. G.},
  title = {Intermetallic composites},
  booktitle = {Intermetallic Compounds: Principles and Practice},
  publisher = {John Wiley and Sons Ltd},
  year = {1994},
  editor = {Westbrook, J.H. and Fleischer, R.L.},
  volume = {2},
  chapter = {3},
  pages = {287--300},
  owner = {howard},
  timestamp = {2006.11.14}
}

@ARTICLE{mitchell1999,
  author = {Mitchell, T. E. and Misra, A.},
  title = {Structure and mechanical properties of ({Mo},{Re}){Si}$_2$ alloy},
  journal = {Materials Science and Engineering},
  year = {1999},
  volume = {{A}261},
  pages = {106--112},
  owner = {howard},
  timestamp = {2006.11.18}
}

@ARTICLE{mitra2006b,
  author = {Mitra, R.},
  title = {Mechanical behaviour and oxidation resistance of structural silicides},
  journal = {International Materials Reviews},
  year = {2006},
  volume = {51},
  pages = {13--64},
  number = {1},
  owner = {howard},
  timestamp = {2006.11.18}
}

@ARTICLE{mitra1999,
  author = {Mitra, R. and Rama Rao, V. V. and Venugopal Rao, A.},
  title = {Effect of small aluminium additions on microstructure and mechanical
	properties of molybdenum di-silicide},
  journal = {Intermetallics},
  year = {1999},
  volume = {7},
  pages = {213--232},
  owner = {howard},
  timestamp = {2006.11.18}
}

@ARTICLE{mitra2004,
  author = {Mitra, R. and Sadananda, K. and Feng, C. R.},
  title = {Effect of microstructural parameters and {Al} alloying on creep behaviour,
	threshold stress and activation volumes of molybdenum disilicides},
  journal = {Intermetallics},
  year = {2004},
  volume = {12},
  pages = {827--836},
  owner = {howard},
  timestamp = {2006.11.18}
}

@ARTICLE{mitra2006,
  author = {Mitra, R. and Srivastava, A. K. and Eswara Prasad, N. and Sweety
	Kumari},
  title = {Microstructure and mechanical behaviour of reaction hot pressed multiphase
	{Mo–Si–B} and {Mo–Si–B-Al} intermetallic alloys},
  journal = {Intermetallics},
  year = {2006},
  volume = {14},
  pages = {1461-1471},
  number = {12},
  month = {December},
  owner = {howard},
  timestamp = {2006.11.05}
}

@ARTICLE{murayama1997,
  author = {Murayama, Y. and Hanada, S.},
  title = {Solid solution hardening of {Nb$_3$Al} alloys containing tungsten,
	molybdenum and tantalum},
  journal = {Acta Metallurgica},
  year = {1997},
  volume = {37},
  pages = {949--953},
  number = {7},
  key = {murayama1997}
}

@ARTICLE{murugesh1993,
  author = {Murugesh, K. T. and Rao, K.T.V. and Ritchie, R. O.},
  title = {Crack growth in a ductile-phase-toughened {Nb/Nb$_3$Al} in situ intermetallic
	composite under monotonic and cyclic loading},
  journal = {Scripta Metallurgica},
  year = {1993},
  volume = {29},
  pages = {1107--1112},
  key = {murugesh1993}
}

@INPROCEEDINGS{naka1993,
  author = {Naka, S. and Thomas, M. and Marty, M. and Lapasset, G. and Khan,
	T.},
  title = {Complex {B2} aluminides of refractory metals: an attempt tp explore
	novel alloy systems},
  booktitle = {Structural Intermetallics},
  year = {1993},
  editor = {Darolia, R. and Lewandowski, J. J. and Liu, C. T. and Martin, P.
	L. andMiracle, D. B. and Nathal, M. V.},
  organization = {TMS High Temperature Alloys Committee in cooperation with ASM Internationaland
	the American Society of Mechanical Engineers},
  publisher = {TMS},
  key = {naka1993}
}

@INPROCEEDINGS{V80_24,
  author = {Nakagawa, Y. G. and Ohotomo, A. and Saiga, Y. and Nemoto, M. and
	Suto, H.},
  title = {Heat treatment, microstructure, and creep strength of $\gamma/\gamma\prime-\alpha$
	eutectic directionally solidified by fluidized bed quenching},
  booktitle = {Superalloys},
  year = {1980},
  pages = {267--274},
  organization = {The Minerals, Metals \& Materials Society},
  note = {Proceedings of the fourth international symposium on Superalloys
	in Seven Springs, Pennsylvania},
  owner = {howard},
  timestamp = {2006.11.12}
}

@INPROCEEDINGS{V92_33,
  author = {Nathal, M. V. and Levine, S. R.},
  title = {Development of alternative engine materials},
  booktitle = {Superalloys},
  year = {1992},
  editor = {Antolovich, S. D. and Stusrud, R. W. and MacKay, R. A. and Anton,
	D. L. and Khan, T. and Kissinger, R. D. and Klarstrom, D. L.},
  pages = {329--340},
  organization = {The Minerals, Metals\& Materials Society},
  note = {Proceedings of the seventh international symposium on Superalloys
	in Seven Springs, Pennsylvania},
  owner = {howard},
  timestamp = {2006.11.16}
}

@INPROCEEDINGS{nekkanti1990,
  author = {Nekkanti, R. M. and Dimiduk, D. M.},
  title = {Ductile-phase toughnening of niobium-niobium silicide powder processed
	composites},
  booktitle = {Intermetallic matrix composites},
  year = {1990},
  editor = {Anton, D. L. and Martin, P. L. and Miracle, D. B. and Mc{M}eeking,
	R.},
  volume = {194},
  series = {Materials Reseach Sociey Symoposium Proceedings},
  pages = {175--182},
  owner = {howard},
  timestamp = {2006.11.11}
}

@INPROCEEDINGS{nesbitt1993,
  author = {Nesbitt , J. A. and Lowell, C. E.},
  title = {High temperature oxidation of intermetallics},
  booktitle = {High temperature ordered intermetallic alloys {V}},
  year = {1993},
  editor = {Baker, I. and Darolia, R. and Whittenberger, J.D. and Yoo, M.H.},
  number = {288},
  series = {Materials Research Society Symposium Proceedings},
  pages = {107--118},
  owner = {howard},
  timestamp = {2006.11.14}
}

@ARTICLE{nghiep1980,
  author = {Nghiep, D. M. and Paufler, P. and Kleinst{\"u}ck and Quyen, N. H.},
  title = {Creep deformation of {V}$_3${S}i single crystals},
  journal = {Journal of Materials Science},
  year = {1980},
  volume = {15},
  pages = {1140--1146},
  owner = {howard},
  timestamp = {2006.10.31}
}

@ARTICLE{nieh1989,
  author = {Nieh, T. G. and Wadsworth, J.},
  title = {Effect of oxygen on the strength of {NiBe}},
  journal = {Scripta Metallurgica},
  year = {1989},
  volume = {23},
  pages = {871--874},
  owner = {howard},
  timestamp = {2006.11.15}
}

@ARTICLE{nieh2001,
  author = {Nieh, T. G. and Wang, J. G. and Liu, C. T.},
  title = {Deformation of a multiphase {M}o–9.4{S}i–13.8{B} alloy at elevated
	temperatures},
  journal = {Intermetallics},
  year = {2001},
  volume = {9},
  pages = {73--79},
  number = {1},
  month = {January},
  owner = {howard},
  timestamp = {2006.11.05}
}

@INCOLLECTION{noebe-stoloffbook,
  author = {Noebe, R. D. and Bowman, R. R. and Nathal, M. V.},
  title = {The physical and mechanical metallurgy of {N}i{A}l},
  booktitle = {Physical metallurgy and processing of intermetallic compounds},
  publisher = {Chapman and Hall},
  year = {1996},
  editor = {Stoloff, N. S. and Sikka, V. K.},
  chapter = {7},
  pages = {212-296},
  owner = {howard},
  timestamp = {2006.11.01}
}

@ARTICLE{nowotny1954,
  author = {Nowotny, H. and Parth\'{e}, E. and Kieffer, R. and Benesovsky, F.},
  journal = {Monatshefte f\"{u}r Chemie},
  year = {1954},
  volume = {85},
  pages = {255},
  owner = {howard},
  timestamp = {2006.11.19}
}

@ARTICLE{ohishi1997,
  author = {Oh-ishi, K. and Horita, Z. and Nemoto, M.},
  title = {Microstructure and strength of {B2}-ordered {NiAl} containing {L2}$_1$-{Ni}$_2${AlHf}
	precipitates},
  journal = {Materials Science and Engineering},
  year = {1997},
  volume = {{A}239--240},
  pages = {472--478},
  owner = {howard},
  timestamp = {2006.11.22}
}

@ARTICLE{okamoto2001,
  author = {Okamoto, H.},
  title = {{Cr-Si} (Chromium-Silicon)},
  journal = {Journal of phase equilibria},
  year = {2001},
  volume = {22},
  pages = {593}
}

@ARTICLE{okamoto1997,
  author = {Okamoto, H.},
  title = {{Al-Ru} (Aluminium-Ruthenium)},
  journal = {Journal of phase equilibria},
  year = {1997},
  volume = {18},
  pages = {105},
  owner = {howard},
  timestamp = {2006.11.16}
}

@INPROCEEDINGS{oti1993,
  author = {Oti, J. A. and Yu, K. O.},
  title = {Production processing of investment cast complex shaped {NIAl}single
	crystal airfoils},
  booktitle = {Structural Intermetallics},
  year = {1993},
  editor = {Darolia, R. and Lewandowski, J. J. and Liu, C. T. and Martin, P.
	L. andMiracle, D. B. and Nathal, M. V.},
  organization = {TMS High Temperature Alloys Committee in cooperation with ASM Internationaland
	the American Society of Mechanical Engineers},
  publisher = {TMS}
}

@TECHREPORT{paine1960a,
  author = {Paine, R.M. and Stonehouse, A.J. and Beaver, W.W.},
  title = {An investigation of intermetallic compounds for very high temperature
	applications},
  year = {1960},
  type = {U.S. {A}ir {F}orce tech report},
  number = {{WADC} {TR} 59-29, Part {I}},
  month = {January}
}

@TECHREPORT{paine1960b,
  author = {Paine, R.M. and Stonehouse, A.J. and Beaver, W.W.},
  title = {An investigation of intermetallic compounds for very high temperature
	applications},
  year = {1960},
  type = {U.S. {A}ir {F}orce tech report},
  number = {{WADC} {TR} 59-29, Part {II}},
  month = {July}
}

@ARTICLE{peralta1997,
  author = {Peralta, P. and Maloy, S. A. and Chu, F. and Petrovic, J. J. and
	Mitchell, T. E.},
  title = {Mechanical properties of monocrystalline C11$_\mathrm{b}$ MoSi$_2$
	with small aluminium additions},
  journal = {Scripta Materialia},
  year = {1997},
  volume = {37},
  pages = {1599--1604},
  number = {10},
  owner = {howard},
  timestamp = {2006.11.18}
}

@ARTICLE{perkins1988,
  author = {Perkins, R. A. and Chiang, K.T.},
  title = {Formation of Alumina on {Nb-Al} alloys},
  journal = {Scripta Metallurgica},
  year = {1988},
  volume = {22},
  pages = {419--424},
  number = {3},
  owner = {RRUTC User},
  timestamp = {2006.11.09}
}

@ARTICLE{pharr1991,
  author = {Pharr, G. M. and Courington, S. V. and Wadsworth, J. and Nieh, T.
	G.},
  title = {Deformation of an extruded nickel beryllide between room temperature
	and 820$^\circ$C},
  journal = {Journal of Materials Research},
  year = {1991},
  volume = {6},
  pages = {2653--2659},
  number = {12},
  owner = {howard},
  timestamp = {2006.11.01}
}

@ARTICLE{polvani1976,
  author = {Polvani, R. S. and Tzeng, W.-S. and Strutt, P. R.},
  title = {High temperature creep in a semi-coherent {N}i$_2${A}l{T}i alloy},
  journal = {Metallurgical Transactions {A}},
  year = {1976},
  volume = {7{A}},
  pages = {33--40},
  owner = {howard},
  timestamp = {2006.10.31}
}

@INPROCEEDINGS{pope1993,
  author = {Pope, D. P. and Chu, F.},
  title = {Deformation of a {C15} Laves Phase : Twinning and Synchroshear},
  booktitle = {Structural Intermetallics},
  year = {1993},
  editor = {Darolia, R. and Lewandowski, J. J. and Liu, C. T. and Martin, P.
	L. andMiracle, D. B. and Nathal, M. V.},
  organization = {TMS High Temperature Alloys Committee in cooperation with ASM Internationaland
	the American Society of Mechanical Engineers},
  publisher = {TMS}
}

@INCOLLECTION{raghavan1987,
  author = {Raghavan, V.},
  booktitle = {Phase Diagrams of Ternay Iron Alloys},
  publisher = {The Indian Institute of Metals and ASM International},
  year = {1987},
  editor = {Baker, H.},
  volume = {1},
  pages = {31},
  owner = {howard},
  timestamp = {2006.11.19}
}

@ARTICLE{raj1995,
  author = {Raj, S. V.},
  title = {A preliminary assessment of the properties of a chromium silicide
	alloy for aerospace applications},
  journal = {Materials Science and Engineering {A}},
  year = {1995},
  volume = {192--193},
  pages = {583--589},
  number = {2},
  month = {February},
  owner = {howard},
  timestamp = {2006.11.05}
}

@ARTICLE{raj1995b,
  author = {Raj, S. V.},
  title = {An evaluation of the properties of {Cr}$_3${Si} alloyed with {Mo}},
  journal = {Materials Science and Engineering},
  year = {1995},
  volume = {{A}201},
  pages = {229--24},
  owner = {howard},
  timestamp = {2006.11.18}
}

@ARTICLE{raj1992,
  author = {Raj, S. V. and Locci, I. E. and Noebe, R. D.},
  title = {Deformation behaviour of a {N}i-30{A}l-20{F}e-0.05{Z}r intermetallic
	alloy in the temperature range 300 to 1300 {K}},
  journal = {Metallurgical Transactions {A}},
  year = {1992},
  volume = {23{A}},
  pages = {1705--1718},
  owner = {howard},
  timestamp = {2006.10.31}
}

@ARTICLE{raj1999,
  author = {Raj, S. V. and Whittenberger, J. D and Zeumer, B. and Sauthoff, G.},
  title = {Elevated temperature deformation of {C}r$_3${S}i alloyed with {M}o},
  journal = {Intermetallics},
  year = {1999},
  volume = {7},
  pages = {743--755},
  number = {7},
  month = {July},
  owner = {howard},
  timestamp = {2006.11.06}
}

@ARTICLE{reip1993,
  author = {Reip, C.-P. and Sauthoff, G.},
  title = {Deformation behavious of the intermetallic phase {Al}$_3${Nb} with
	{D0}$_{22}$ structure and of {Al}$_3${Nb}-base alloys: Part {I}.
	Physical properties and short-term behaviour},
  journal = {Intermetallics},
  year = {1993},
  volume = {1},
  pages = {159--169},
  owner = {howard},
  timestamp = {2006.11.22}
}

@ARTICLE{reuss1990,
  author = {Reuss, S. and Vehoff, H.},
  title = {Temperature dependence of the fracture toughness of single phase
	and two phase intermetallics},
  journal = {Scripta Metallurgica et Materialia},
  year = {1990},
  volume = {24},
  pages = {1021--1026},
  owner = {howard},
  timestamp = {2006.10.31}
}

@ARTICLE{rosenkranz1992,
  author = {Rosenkranz, R. and Frommeyer, G. and Smarsly, W.},
  title = {Microstructure and properties of high melting point intermetallic
	{T}i$_5${S}i$_3$ and {T}i{S}i$_2$ compounds},
  journal = {Materials Science and Engineering A},
  year = {1992},
  volume = {{A}152},
  pages = {288--294},
  owner = {howard},
  timestamp = {2006.10.31}
}

@ARTICLE{rudy1986,
  author = {Rudy, M. and Sauthoff, G.},
  title = {Dislocation creep in the ordered intermetallic ({F}e,{N}i){A}l phase},
  journal = {Materials Science and Engineering},
  year = {1986},
  volume = {81},
  pages = {525--530},
  owner = {howard},
  timestamp = {2006.10.31}
}

@INCOLLECTION{ryba-campbellbook,
  author = {Ryba, E.},
  title = {Intermetallic compounds},
  booktitle = {High-temperature materials and technology},
  publisher = {John Wiley \& Sons, Inc.},
  year = {1967},
  editor = {Campbell, I.E. and Sherwood, E.M.},
  chapter = {14},
  pages = {455--484}
}

@ARTICLE{sadananda1995,
  author = {Sadananda, K. and Feng, C. R.},
  title = {Effect of carbon addition on the creep of molybdenum disilicide composites},
  journal = {Materials Science and Engineering},
  year = {1995},
  volume = {{A}192--{A}193},
  pages = {862--867},
  key = {sadananda1995}
}

@ARTICLE{sadananda1993,
  author = {Sadananda, K and Feng, C. R.},
  title = {Creep of intermetallic composites},
  journal = {Materials Science and Engineering},
  year = {1993},
  volume = {{A}170},
  pages = {199--214},
  key = {sadananda1993}
}

@ARTICLE{sadananda1992,
  author = {Sadananda, K. and Feng, C. R. and Jones, H.},
  title = {Creep of molybdenum disilicide composites},
  journal = {Materials Science and Engineering},
  year = {1992},
  volume = {{A}155},
  pages = {227--239},
  key = {sadananda1992}
}

@ARTICLE{sadananda1999,
  author = {Sadananda, K. and Feng, C. R. and Mitra, R. and Deevi, S. C.},
  title = {Creep and fatigue properties of high temperature silicides and their
	composites},
  journal = {Materials Science and Engineering {A}},
  year = {1999},
  volume = {{A}261},
  pages = {223--238},
  owner = {howard},
  timestamp = {2006.10.31}
}

@INCOLLECTION{sahm-sahmbook,
  author = {Sahm, P. R.},
  title = {Eutectic and artificial composite superalloys},
  booktitle = {High temperature materials in gas turbines},
  publisher = {Elsevier Scientific Publishing Company},
  year = {1974},
  editor = {Sahm, P. R. and Speidel, M. O.},
  pages = {73--114},
  note = {Proceedings of the symposium on high-temperature materials in gas
	turbines},
  __markedentry = {[howard]},
  owner = {howard},
  timestamp = {2006.11.12}
}

@INCOLLECTION{sahm1973,
  author = {Sahm, P. R.},
  title = {Eutectic and Artificial Composite Superalloys},
  booktitle = {High-Temperature Materials in Gas Turbines},
  publisher = {Elsevier Scientific Publishing Company},
  year = {1973},
  editor = {Sahm, P. R. and Speidel, M. O.},
  pages = {73--114},
  owner = {howard},
  timestamp = {2006.11.27}
}

@ARTICLE{sauthoff1990,
  author = {Sauthoff, G.},
  title = {Intermetallic alloys - Overview on new materials developments for
	structural applications in {W}est {G}ermany},
  journal = {Zeitschrift f{\"u}r Metallkunde},
  year = {1990},
  volume = {81},
  pages = {855--861},
  number = {12},
  owner = {howard},
  timestamp = {2006.11.01}
}

@ARTICLE{sauthoff1989,
  author = {Sauthoff, G.},
  title = {Intermetallic phases - materials developments and prospects},
  journal = {Zeitschrift f{\"u}r Metallkunde},
  year = {1989},
  volume = {80},
  pages = {337--344},
  number = {5},
  owner = {howard},
  timestamp = {2006.11.01}
}

@ARTICLE{sauthoff1986,
  author = {Sauthoff, G.},
  title = {Intermetallic phases as high-temperature materials},
  journal = {Zeitschrift f{\"u}r Metallkunde},
  year = {1986},
  volume = {77},
  pages = {654--665},
  number = {10},
  owner = {howard},
  timestamp = {2006.11.01}
}

@ARTICLE{schlesinger1993,
  author = {Schlesinger, M.E. and Okamoto, H. and Gokhale, A.B. and Abboschian,
	R.},
  title = {The {Nb-Si} (Niobium-Silicon) System},
  journal = {Journal of phase equilibria},
  year = {1993},
  volume = {14},
  pages = {502--509}
}

@ARTICLE{schneibel2002,
  author = {Schneibel, J. H. and Kramer, M. J. and Easton, D. S.},
  title = {A {Mo–Si–B} intermetallic alloy with a continuous $\alpha$-{M}o matrix},
  journal = {Scripta Materialia},
  year = {2002},
  volume = {46},
  pages = {217--221},
  number = {3},
  month = {February},
  owner = {howard},
  timestamp = {2006.11.05}
}

@ARTICLE{schneibel1999,
  author = {Schneibel, J. H. and Liu, C. T. and Easton, D. S. and Carmichael,
	C. A.},
  title = {Microstructure and mechanical properties of Mo–Mo3Si–Mo5SiB2 silicides},
  journal = {Materials Science and Engineering A,},
  year = {1999},
  volume = {261},
  pages = {78--83},
  number = {1--2},
  month = {March},
  owner = {howard},
  timestamp = {2006.11.05}
}

@ARTICLE{schneibel1998,
  author = {Schneibel, J. H. and Liu, C. T. and Heatherly, L. and Kramer, M.
	J.},
  title = {Assessment of Processing Routes and Strength of a 3-Phase Molybdenum
	Boron Silicide ({M}o$_5${S}i$_3$-{M}o$_5${S}i{B}$_2$-{M}o$_3${S}i)},
  journal = {Scripta Materialia},
  year = {1998},
  volume = {38},
  pages = {1169--1176},
  number = {7},
  month = {March},
  owner = {howard},
  timestamp = {2006.11.05}
}

@ARTICLE{schneibel2003,
  author = {Schneibel, J. H. and Sekhar, J. A.},
  title = {Microstructure and properties of {MoSi}$_2$–{MoB} and {MoSi}$_2$–{Mo}$_5${Si}$_3$
	molybdenum silicides},
  journal = {Materials Science and Engineering {A}},
  year = {2003},
  volume = {340},
  pages = {204--211},
  number = {1--2},
  month = {January},
  owner = {howard},
  timestamp = {2006.11.14}
}

@ARTICLE{shah1992b,
  author = {Shah, D. M. and Anton, D. L.},
  title = {Evaluation of refractory intermetallics with {A15} structure for
	high temperature structural applications},
  journal = {Materials Science and Engineering},
  year = {1992},
  volume = {{A}153},
  pages = {402--409},
  key = {shah1992b}
}

@ARTICLE{shah1995,
  author = {Shah, D. M. and Anton, D. L. and Pope, D. P. and Chin. S.},
  title = {In-situ refractory intermetallic-base compounds},
  journal = {Materials Science and Engineering},
  year = {1995},
  volume = {{A}192/193},
  pages = {658--672},
  owner = {howard},
  timestamp = {2006.11.22}
}

@ARTICLE{shah1992,
  author = {Shah, D. M. and Berczik, D. and Anton, D. L. and Hecht, R.},
  title = {Appraisal of other silicides as structural materials},
  journal = {Materials Science and Engineering {A}},
  year = {1992},
  volume = {{A}155},
  pages = {45--57},
  owner = {howard},
  timestamp = {2006.10.31}
}

@INPROCEEDINGS{shah1987,
  author = {Shah, D. M. and Duhl, D. N.},
  title = {Evaluation of multicomponent nickel base {L1}$_2$ and other intermetallic
	alloys as high temperature structural materials},
  booktitle = {High temperature ordered intermetallic alloys {II}},
  year = {1987},
  editor = {Stoloff, N. S. and Kock, C. C. and Liu, C. T. and Izumi, O.},
  volume = {81},
  series = {Materials Research Society Symposium Proceedings},
  pages = {411--417},
  owner = {howard},
  timestamp = {2006.11.14}
}

@ARTICLE{sharif2003,
  author = {Sharif, A. A. and Misra, A. and Mitchell, T. E.},
  title = {Deformation mechanisms of polycrystalline {MoSi}$_2$ alloyed with
	1 at.\% {Nb}},
  journal = {Materials Science and Engineering},
  year = {2003},
  volume = {{A}358},
  pages = {279--287},
  owner = {howard},
  timestamp = {2006.11.18}
}

@ARTICLE{sharif2001,
  author = {Sharif, A. A. and Misra, A. and Petrovic, J. J. and Mitchell, T.
	E.},
  title = {Solid solution hardening and softening in {MoSi}$_2$ alloys},
  journal = {Scripta Materialia},
  year = {2001},
  volume = {44},
  pages = {879--884},
  owner = {howard},
  timestamp = {2006.11.18}
}

@ARTICLE{shyue1993,
  author = {Shyue, J. and Hou, D.H. and Aindow, M. and Fraser, H.},
  title = {Deformation mechanisms in intermetallic compunds based on {Nb$_3$Al}},
  journal = {Materials Science and Engineering},
  year = {1993},
  volume = {{A}170},
  pages = {1--10},
  key = {shyue1993}
}

@TECHREPORT{silverman1956,
  author = {Silverman, R.},
  title = {New high temperature intermetallic materials},
  year = {1956},
  type = {U.S. {A}ir {F}orce tech report},
  number = {{WADC} {TR} 53-190, Part {IV}},
  month = {March}
}

@INPROCEEDINGS{sims1988,
  author = {Sims, C. T.},
  title = {Beyond superalloys: The goals, the materials and some reality},
  booktitle = {Superalloys},
  year = {1988},
  editor = {Reichman, S. and Duhl, D. N. and Maurer, G. and Antolovich, S. and
	Lund, C.},
  pages = {173--182},
  note = {Proceedings of the sixth international symposium on Superalloys in
	Seven Springs, Pennsylvania, September 18-22},
  owner = {howard},
  timestamp = {2006.11.16}
}

@INCOLLECTION{singleton1990,
  author = {Singleton, M.F. and Murray, J.L. and Nash, P.},
  title = {{Al-Ni} (Aluminum-Nickel)},
  booktitle = {Binary Alloy Phase Diagrams, II},
  year = {1990},
  editor = {Massalski, T.B.},
  volume = {1},
  pages = {181--184}
}

@ARTICLE{steinhorst1989,
  author = {Steinhorst, M. and Grabke, H. J.},
  title = {Oxidation of Niobium Aluminide {NbAl$_3$}},
  journal = {Materials Science and Engineering},
  year = {1989},
  volume = {{A}120},
  pages = {55--59},
  key = {steinhorst1989}
}

@INPROCEEDINGS{stoloff1985,
  author = {Stoloff, N. S.},
  title = {Ordered alloys for high temperature applications},
  booktitle = {High-Temperature Ordered Intermetallic Alloys},
  year = {1985},
  editor = {Koch, C. C. and Liu, C. T. and Stoloff, N. S.},
  volume = {39},
  series = {Materials Research Society Symposium Proceedings},
  pages = {3--27},
  owner = {howard},
  timestamp = {2006.11.17}
}

@ARTICLE{stoloff1964,
  author = {Stoloff, N. S. and Davies, R. G.},
  title = {The plastic deformation of ordered {FeCo} and {Fe}$_3${Al} alloys},
  journal = {Acta Metallurgica},
  year = {1964},
  volume = {12},
  pages = {473--485},
  owner = {howard},
  timestamp = {2006.11.14}
}

@INCOLLECTION{stoloff-stoloffbook,
  author = {Stoloff, N. S. and Liu, C. T.},
  title = {The physical and mechanical metallurgy of {Ni}$_3${Al}},
  booktitle = {Physical metallurgy and processing of intermetallic compounds},
  publisher = {Chapman and Hall},
  year = {1996},
  editor = {Stoloff, N. S. and Sikka, V. K.},
  chapter = {6},
  pages = {159--211},
  owner = {howard},
  timestamp = {2006.11.22}
}

@INCOLLECTION{stonehouse_westbrook-book,
  author = {Stonehouse, A.J. and R.M., Paine and Beaver, W.W.},
  title = {Mechanical properties of some transition metal beryllides},
  booktitle = {Mechanical properties of intermetallic compounds},
  publisher = {John {W}iley and {S}ons},
  year = {1960},
  editor = {Westbrook, J.H.},
  chapter = {13},
  pages = {297--319}
}

@ARTICLE{subramanian1996,
  author = {Subramanian, P. R. and Mendirata, M. G. and Dimiduk, D. M.},
  title = {The development of {Nb}-based advanced intermetallic alloys for structural
	applications},
  journal = {Journal of Metals},
  year = {1996},
  volume = {1},
  pages = {33--38},
  owner = {howard},
  timestamp = {2006.11.11}
}

@ARTICLE{subramanian1997,
  author = {Subramanian, P. R. and Mendiratta, M. G. and Dimiduk, D. M. and Stucke,M.
	A.},
  title = {Advanced intermetallic alloys - beyond gamma titanium aluminides},
  journal = {Materials Science and Engineering {A}},
  year = {1997},
  volume = {{A}239--240},
  pages = {1--13},
  owner = {howard},
  timestamp = {2006.10.31}
}

@ARTICLE{subramanian1995,
  author = {Subramanian, P. R. and Parthasarathy, T. A. and Mendiratta, M. G.
	and Dimiduk, D. M.},
  title = {Compressive creep behaviour of {Nb}$_5${Si}$_3$},
  journal = {Scripta Metallurgica et Materialia},
  year = {1995},
  volume = {32},
  pages = {1227--1232},
  number = {8},
  owner = {howard},
  timestamp = {2006.11.11}
}

@ARTICLE{tabura1998,
  author = {Tabura, T. and Hanada, S.},
  title = {High temperature strength of {Nb$_3$Al}-base alloys},
  journal = {Intermetallics},
  year = {1998},
  volume = {6},
  pages = {735--739},
  key = {tabura1998}
}

@ARTICLE{takeyama1991,
  author = {Takeyama, M. and Liu, C. T.},
  title = {Microstructure and mechanical properties of {L}aves-phase alloys
	based on {C}r$_2${N}b},
  journal = {Materials Science and Engineering},
  year = {1991},
  volume = {{A}132},
  pages = {61--66},
  owner = {howard},
  timestamp = {2006.11.01}
}

@ARTICLE{tang2006,
  author = {Tang, Z. and Thom, A. J. and Akinc, M.},
  title = {Role of nitrogen on the oxidative stability of {T}i$_5${S}i$_3$ based
	alloys at elevated temperature},
  journal = {Intermetallics},
  year = {2006},
  volume = {11},
  pages = {537--543},
  number = {5},
  month = {May},
  owner = {howard},
  timestamp = {2006.11.05}
}

@ARTICLE{tappin1997,
  author = {Tappin, D. K. and Smith, L. S. and Horspool, D. N. and Aindow, M.},
  title = {Microstructures and deformation behaviour in {Nb 10-25}at.\%{Al}
	20-40at.\%{V} alloys},
  journal = {Acta Metallurgica},
  year = {1997},
  volume = {45},
  pages = {4923--4938},
  number = {12},
  key = {tappin1997}
}

@ARTICLE{taylor1972,
  author = {Taylor, A. and Doyle, N. J.},
  title = {Further studies of the nickel-aluminium system. {I}. The $\beta$-{NiAl}
	and $\delta$-{Ni}$_2${Al}$_3$ phase fields},
  journal = {Journal of Applied Crystallography},
  year = {1972},
  volume = {5},
  pages = {201--209},
  owner = {howard},
  timestamp = {2006.11.14}
}

@ARTICLE{tien2005,
  author = {Tien, R. H. and Zhu, J. H. and Liu, C. T. and Walker, L. R.},
  title = {Effect of {Ru} additions on microstructure and mechanical properties
	of {Cr}-{TaCr}$_2$ alloys},
  journal = {Intermetallics},
  year = {2005},
  volume = {13},
  pages = {361--366},
  owner = {howard},
  timestamp = {2006.11.14}
}

@TECHREPORT{truesdale1962,
  author = {Truesdale, R.S. and Lympany, B.B. and Bielawski, C.A. and Grala,
	E.M. andBeaver, W.W.},
  title = {Investigation of the effects of processing variables and fabrication
	techniquesupon the properties of intermetllic compounds},
  year = {1962},
  type = {U.S. {A}ir {F}orce tech report},
  number = {{ASD} {TR} 64-476},
  month = {June}
}

@INPROCEEDINGS{umakoshi1991,
  author = {Umakoshi, Y. and Nakashima, T. and Yamane, T. and Senba, H.},
  title = {Plastic deformation of transition metal silicides single crystals
	with C11$_\mathrm{b}$ and the C40 structure},
  booktitle = {Sixth International Symposium on Intermetallic Compounds: Structure
	and Mechanical Properties},
  year = {1991},
  editor = {Izumi, O.},
  pages = {639--643},
  address = {Sendai, Japan},
  organization = {The Japan Institute of Metals},
  owner = {howard},
  timestamp = {2006.11.18}
}

@ARTICLE{umakoshi1990,
  author = {Umakoshi, Y. and Sakagami, T. and Hirano, T. and Yamane, T.},
  title = {High temperature deformation of {M}o{S}i$_2$ single crystals with
	the {C}11$_\textrm{b}$structure},
  journal = {Acta Metallurgica et Materialia},
  year = {1990},
  volume = {38},
  pages = {909--915},
  number = {6},
  owner = {howard},
  timestamp = {2006.10.31}
}

@ARTICLE{vandermousen1973,
  author = {Vandermousen, R. F. and Viatour, and Drapier, J. M. and Coutsouradis,
	D.},
  title = {Observations on the directional solidification of cobalt-base alloys
	strengthenedby carbide fibres},
  journal = {Cobalt},
  year = {1973},
  volume = {2},
  pages = {39--44},
  owner = {howard},
  timestamp = {2006.11.01}
}

@ARTICLE{vasudevan1992,
  author = {Vasude{\'e}van, A. K. and Petrovic, J. J.},
  title = {A comparative overview of molybdenum disilicide composites},
  journal = {Materials Science and Engineering {A}},
  year = {1992},
  volume = {{A}155},
  pages = {1--17},
  owner = {howard},
  timestamp = {2006.10.31}
}

@INPROCEEDINGS{vehoff1993,
  author = {Vehoff, H.},
  title = {Fracture and toughness of intermetallics},
  booktitle = {High temperature ordered intermetallic alloys {V}},
  year = {1993},
  editor = {Baker, I. and Darolia, R. and Whittenberger, J.D. and Yoo, M.H.},
  number = {288},
  series = {Materials Research Society Symposium Proceedings},
  pages = {71--82},
  owner = {howard},
  timestamp = {2006.11.14}
}

@ARTICLE{veyssiere1992,
  author = {Veyssiere, P. and Noebe, R.},
  title = {Weak-beam study of $\langle$111$\rangle$ superlattice dislocations
	in {N}i{A}l},
  journal = {Philosophical Magazine},
  year = {1992},
  volume = {65},
  pages = {1--13},
  number = {1},
  owner = {RRUTC User},
  timestamp = {2006.11.09}
}

@TECHREPORT{wachtell1953,
  author = {Wachtell, R.L.},
  title = {An investigation of various properties of NiAl},
  year = {1953},
  type = {U.S. {A}ir {F}orce tech report},
  number = {{WADC} {TR} 52-291, Part {I}},
  month = {September}
}

@ARTICLE{waghmare1999,
  author = {Waghmare, U. V. and Bulatov, V. and Kaxiras, E. and Duesbury, M.
	S.},
  title = {Microalloying for ductility in molybdenum disilicide},
  journal = {Material science and engineering},
  year = {1999},
  volume = {{A}261},
  pages = {147--157},
  owner = {RRUTC User},
  timestamp = {2006.11.09}
}

@INPROCEEDINGS{walston2004,
  author = {Walston, S. and Cetel, A. and Mac{K}ay, R. and O'{H}ara, K. and Duhl,
	D.and Dreshfield, R.},
  title = {Joint development of a fourth generation single crystal alloy},
  booktitle = {Superalloys},
  year = {2004},
  editor = {Green, K.A. and Pollock, T.M. and Harada, H. and Howson, T.E. and
	Reed,R.C. and Schirra, J.J. and Walston, S.},
  pages = {15--24},
  organization = {{TMS} ({T}he {M}inerals, {M}etals and {M}aterials {S}ociety)}
}

@INPROCEEDINGS{walston1993,
  author = {Walston, W. S. and Field, R. D. and Dobbs, J. R. and Lahrman, D.
	F. andDarolia, R.},
  title = {Microstructure and high temperature strength of {NiAl} alloys},
  booktitle = {Structural Intermetallics},
  year = {1993},
  editor = {Darolia, R. and Lewandowski, J. J. and Liu, C. T. and Martin, P.
	L. andMiracle, D. B. and Nathal, M. V.},
  organization = {TMS High Temperature Alloys Committee in cooperation with ASM Internationaland
	the American Society of Mechanical Engineers},
  publisher = {TMS}
}

@ARTICLE{wardclose1996,
  author = {Ward-Close, C. M. and Minor, R. and Doorbar, P. J.},
  title = {Intermetallic-matrix composites - A review},
  journal = {Intermetallics},
  year = {1996},
  volume = {4},
  pages = {217--229},
  owner = {howard},
  timestamp = {2006.11.22}
}

@ARTICLE{wasilewski1967,
  author = {Wasilewski, R. J. and Butler, S. R. and Hanlon, J. E.},
  title = {Plastic deformation of single crystal {NiAl}},
  journal = {Transactions of the Metallurgical Society {AIME}},
  year = {1967},
  volume = {239},
  pages = {1357--1364},
  owner = {howard},
  timestamp = {2006.11.17}
}

@ARTICLE{westbrook1957,
  author = {Westbrook, J.H.},
  title = {Temperature dependence of the hardeness of secondary phases common
	in turbine bucket alloys},
  journal = {Journal of Metals},
  year = {1957},
  volume = {209},
  pages = {898--904},
  month = {July}
}

@ARTICLE{westbrook1956,
  author = {Westbrook, J. H.},
  title = {Temperature dependence of hardness of the equi-atomic iron group
	alumindes},
  journal = {Journal of the Electrochemical Society},
  year = {1956},
  volume = {103},
  pages = {54--63},
  owner = {howard},
  timestamp = {2006.11.14}
}

@INCOLLECTION{white1989,
  author = {White, C.},
  title = {Superalloys, base: nickel, cobalt, iron and chromium},
  booktitle = {Research and development of high temperature materials for industry},
  publisher = {Elsevier Applied Science},
  year = {1989},
  editor = {Bullock, E. and Brunetaud, R. and Cond{\'e}, J.F. and Keown, S.R.
	and Pugh,S.F.},
  organization = {Commission of the european communities, {I}nstitute of advanced materials,{J}oint
	research centre, {P}etten {E}stablishment, {T}he {N}etherlands}
}

@ARTICLE{whittenberger1987,
  author = {Whittenberger, J. D.},
  title = {Slow plastic flow properties of {B2} {Co-Fe-Al} and {Co-Fe-Al} between
	1100 and 1400 {K}},
  journal = {Materials Science and Engineering},
  year = {1987},
  volume = {85},
  pages = {91--99},
  month = {January},
  owner = {howard},
  timestamp = {2006.11.06}
}

@ARTICLE{whittenberger1985,
  author = {Whittenberger, J. D.},
  title = {Slow plastic strain rate compressive flow in binary {CoAl} intermetallics},
  journal = {Materials Science and Engineering},
  year = {1985},
  volume = {73},
  pages = {87--96},
  month = {August},
  owner = {howard},
  timestamp = {2006.11.06}
}

@ARTICLE{whittenberger1992c,
  author = {Whittenberger, J. D. and Arzt, E. and Luton, M. J.},
  title = {1400 and 1500 K compressive creep properties of an NiAl---AlN composite},
  journal = {Scripta Metallurgica et Materialia},
  year = {1992},
  volume = {26},
  pages = {1925--1930},
  number = {12},
  month = {June},
  owner = {howard},
  timestamp = {2006.11.06}
}

@ARTICLE{whittenberger1990b,
  author = {Whittenberger, J. D. and Arzt, E. and Luton, M. J.},
  title = {1300 {K} compressive properties of a reaction milled {NiAl-AlN} composite},
  journal = {Materials Research Society},
  year = {1990},
  volume = {5},
  pages = {2819--2827},
  number = {12},
  month = {December},
  owner = {RRUTC User},
  timestamp = {2006.11.09}
}

@ARTICLE{whittenberger1990c,
  author = {Whittenberger, J. D. and Arzt, E. and Luton, M. J.},
  title = {Preliminary investigation of a {NiAl} composite prepared by cryomilling},
  journal = {Journal of Materials Research},
  year = {1990},
  volume = {5},
  pages = {271--277},
  number = {2},
  month = {February},
  owner = {RRUTC User},
  timestamp = {2006.11.09}
}

@ARTICLE{whittenberger2004,
  author = {Whittenberger, J. D. and Darolia, R.},
  title = {Slow plastic compressive behavior of {NiAl-–xCr} single crystals
	at 1100–1500K},
  journal = {Materials Science and Engineering A},
  year = {2004},
  volume = {384},
  pages = {361--372},
  number = {1--2},
  month = {October},
  owner = {howard},
  timestamp = {2006.11.06}
}

@ARTICLE{whittenberger1999,
  author = {Whittenberger, J. D. and Locci, I. E. and Darolia, R. and Bowman,
	R.},
  title = {1300 {K} creep behavior of $[001]$ oriented {N}i-49{A}l-1{H}f (at.\%)
	single crystals},
  journal = {Materials Science and Engineering A},
  year = {1999},
  volume = {268},
  pages = {165--183},
  number = {1--2},
  month = {August},
  owner = {howard},
  timestamp = {2006.11.06}
}

@ARTICLE{whittenberger1992b,
  author = {Whittenberger, J. D. and Ray, R. and Jha, S. C.},
  title = {Influence of grain size on the creep behavior of {HfC}-dispersed
	{NiAl}},
  journal = {Materials Science and Engineering A},
  year = {1992},
  volume = {151},
  pages = {137--146},
  number = {2},
  month = {May},
  owner = {howard},
  timestamp = {2006.11.06}
}

@ARTICLE{whittenberger1991,
  author = {Whittenberger, J. D. and Ray, R. and Jha, S. C. and Draper, S.},
  title = {1000–1300 {K} slow strain rate properties of {NiAl} containing dispersed
	{TiB}$_2$ and {HfB}$_2$},
  journal = {Materials Science and Engineering {A}},
  year = {1991},
  volume = {138},
  pages = {83--93},
  number = {1},
  month = {May},
  owner = {howard},
  timestamp = {2006.11.06}
}

@ARTICLE{whittenberger1992,
  author = {Whittenberger, J. D. and Reviere, R. and Noebe, R. D. and Oliver,
	B. F.},
  title = {Compressive strength of directionally solidified {N}i{A}l-{N}i{A}l{N}b
	intermetallicsat 1200 and 1300 {K}},
  journal = {Scripta Metallurgica et Materialia},
  year = {1992},
  volume = {26},
  pages = {987--992},
  owner = {howard},
  timestamp = {2006.10.31}
}

@ARTICLE{whittenberger1989,
  author = {Whittenberger, J. D. and Viswanadham, R. K. and Mannan, S. K. and
	Kumar,K. S.},
  title = {1200 to 1400 {K} slow strain rate compressive behaviour of small
	grain size {N}i{A}l/{N}i$_2${A}l{T}i alloys and {N}i{A}l/{N}i$_2${A}l{T}i-{T}i{B}$_2$
	composites},
  journal = {Journal of Materials Research},
  year = {1989},
  volume = {4},
  pages = {1164--1171},
  owner = {howard},
  timestamp = {2006.10.31}
}

@ARTICLE{whittenberger1990,
  author = {Whittenberger, J. D. and Viswanadham, R. K. and Mannan, S. K. and
	Sprissler,B.},
  title = {Elevated temperature slow plastic deformation of {N}i{A}l-{T}i{B}$_2$
	particulate composites at 1200 and 1300{K}},
  journal = {Journal of Materials Science},
  year = {1990},
  volume = {25},
  pages = {35--44},
  owner = {howard},
  timestamp = {2006.10.31}
}

@ARTICLE{yanagihara1996,
  author = {Yanagihara, K. and Maruyama, T. and Nagata, K.},
  title = {Effect of third elements on the pesting suppression of {Mo-Si-X}
	intermetallics ({X} = {Al}, {Ta}, {Ti}, {Zr} and {Y})},
  journal = {Intermetallics},
  year = {1996},
  volume = {4},
  pages = {{S}133--{S}139},
  number = {Supplement 1},
  owner = {howard},
  timestamp = {2006.11.20}
}

@ARTICLE{yaney1988,
  author = {Yaney, D. L.},
  title = {Mechanisms of elevated-temperature deformation in the {B2} aluminides
	{NiAl} and {CoAl}},
  journal = {Journal of Materials Science},
  year = {1988},
  volume = {23},
  pages = {3088--3098},
  key = {yaney1988}
}

@ARTICLE{zeumer1995,
  author = {Zeumer, B. and Wunnike-Sanders, W. and Sauthoff, G.},
  title = {Mechanical properties and high-temperature deformation behaviour
	of particle-stengthened{N}i{A}l alloys},
  journal = {Materials Science and Engineering},
  year = {1995},
  volume = {{A}192--193},
  pages = {817--823},
  owner = {howard},
  timestamp = {2006.11.01}
}

@ARTICLE{zhang1998,
  author = {Zhang, L. and Wu, J.},
  title = {{T}i$_5${S}i$_3$ and {T}i$_5${S}i$_3$-based alloys: Alloyingbehavior,
	microstructureand mechanical property evaluation},
  journal = {Acta Materialia},
  year = {1998},
  volume = {46},
  pages = {3535--3546},
  number = {10},
  month = {June},
  owner = {howard},
  timestamp = {2006.11.06}
}

@ARTICLE{zhu1999,
  author = {Zhu, J. H. and Liu, C. T. and Liaw, P. K.},
  title = {Phase stability and mechanical behaviour of {NbCr}$_2$-based {Laves}
	phases},
  journal = {Intermetallics},
  year = {1999},
  volume = {7},
  pages = {1011--1016},
  owner = {howard},
  timestamp = {2006.11.14}
}

@INCOLLECTION{,
  owner = {howard},
  timestamp = {2006.11.22}
}

